@inproceedings{iyyer-etal-2016-feuding,
    title = "Feuding Families and Former {F}riends: Unsupervised Learning for Dynamic Fictional Relationships",
    author = "Iyyer, Mohit  and
      Guha, Anupam  and
      Chaturvedi, Snigdha  and
      Boyd-Graber, Jordan  and
      Daum{\'e} III, Hal",
    booktitle = "Proceedings of the 2016 Conference of the North {A}merican Chapter of the Association for Computational Linguistics: Human Language Technologies",
    month = jun,
    year = "2016",
    IGNORE_address = "San Diego, California",
    publisher = "Association for Computational Linguistics",
    IGNORE_url = "https://aclanthology.org/N16-1180",
    doi = "10.18653/v1/N16-1180",
    pages = "1534--1544",
}



@inproceedings{bassignana-plank-2022-mean,
    title = "What Do You Mean by Relation Extraction? A Survey on Datasets and Study on Scientific Relation Classification",
    author = "Bassignana, Elisa  and Plank, Barbara",
    booktitle = "Proceedings of the 60th Annual Meeting of the Association for Computational Linguistics: Student Research Workshop",
    month = may,
    year = "2022",
    IGNORE_address = "Dublin, Ireland",
    publisher = "Association for Computational Linguistics",
    IGNORE_url = "https://aclanthology.org/2022.acl-srw.7",
    doi = "10.18653/v1/2022.acl-srw.7",
    pages = "67--83",
}


@article{moreira2013tracking,
  title = {Tracking politics with POWER},
  author = {Moreira, Silvio and Batista, David S and Carvalho, Paula and Couto, Francisco M and Silva, Mario J},
  journal = {Program: electronic library and information systems},
  volume = {47},
  number = {2},
  year = {2013},
}


@inproceedings{10.1145/1651461.1651468,
	author = {Sarmento, Lu\'{\i}s and Carvalho, Paula and Silva, M\'{a}rio J. and de Oliveira, Eug\'{e}nio},
	title = {Automatic Creation of a Reference Corpus for Political Opinion Mining in User-Generated Content},
	year = {2009},
	isbn = {9781605588056},
	publisher = {Association for Computing Machinery},
	IGNORE_address = {New York, NY, USA},
	IGNORE_url = {https://doi.org/10.1145/1651461.1651468},
	doi = {10.1145/1651461.1651468},
	booktitle = {Proceedings of the 1st International CIKM Workshop on Topic-Sentiment Analysis for Mass Opinion},
	pages = {29–36},
	numpages = {8},
	keywords = {user-generated content, reference corpus, opinion mining},
	location = {Hong Kong, China},
	series = {TSA '09}
}


@article{BARANIAK20213627,
	title = {A dataset for Sentiment analysis of Entities in News headlines (SEN)},
	journal = {Procedia Computer Science},
	volume = {192},
	pages = {3627-3636},
	year = {2021},
	note = {Knowledge-Based and Intelligent Information \& Engineering Systems: Proceedings of the 25th International Conference KES2021},
	issn = {1877-0509},
	doi = {10.1016/j.procs.2021.09.136},
	IGNORE_url = {https://www.sciencedirect.com/science/article/pii/S1877050921018755},
	author = {Katarzyna Baraniak and Marcin Sydow},
}


@inproceedings{de-arruda-etal-2015-annotated,
    title = "An Annotated Corpus for Sentiment Analysis in Political News",
    author = "de Arruda, Gabriel Domingos  and Roman, Norton Trevisan  and Monteiro, Ana Maria",
    booktitle = "Proceedings of the 10th {B}razilian Symposium in Information and Human Language Technology",
    month = nov,
    year = "2015",
    IGNORE_address = "Natal, Brazil",
    IGNORE_url = "https://aclanthology.org/W15-5614",
    pages = "101--110",
}


@inproceedings{abdaoui-etal-2020-load,
    title = "Load What You Need: Smaller Versions of Mutililingual {BERT}",
    author = "Abdaoui, Amine  and Pradel, Camille  and Sigel, Gr{\'e}goire",
    booktitle = "Proceedings of SustaiNLP: Workshop on Simple and Efficient Natural Language Processing",
    month = nov,
    year = "2020",
    IGONRE_url = "https://aclanthology.org/2020.sustainlp-1.16",
    doi = "10.18653/v1/2020.sustainlp-1.16",
    pages = "119--123",
}


@inproceedings{hartmann-etal-2017-portuguese,
    title = "{P}ortuguese Word Embeddings: Evaluating on Word Analogies and Natural Language Tasks",
    author = "Hartmann, Nathan  and Fonseca, Erick and Shulby, Christopher and Treviso, Marcos and Silva, J{\'e}ssica  and Alu{\'\i}sio, Sandra",
    booktitle = "Proceedings of the 11th {B}razilian Symposium in Information and Human Language Technology",
    month = oct,
    year = "2017",
    IGNORE_address = "Uberl{\^a}ndia, Brazil",
    IGNORE_url = "https://aclanthology.org/W17-6615",
    pages = "122--131",
}


@INPROCEEDINGS{9463516,  
	author={Sanh, Victor and Debut, Lysandre and Chaumond, Julien and Wolf, Thomas},  
	booktitle={2019 Fifth Workshop on Energy Efficient Machine Learning and Cognitive Computing - NeurIPS Edition (EMC2-NIPS)},   
	title={DistilBERT, a distilled version of BERT: smaller, faster, cheaper and lighter},   
	year={2019},
	volume={},  
	number={},  
}


@article{10.1162/neco.1997.9.8.1735,
	author = {Hochreiter, Sepp and Schmidhuber, J\"{u}rgen},
	title = {Long Short-Term Memory},
	year = {1997},
	issue_date = {November 15, 1997},
	publisher = {MIT Press},
	IGNORE_address = {Cambridge, MA, USA},
	volume = {9},
	number = {8},
	issn = {0899-7667},
	IGNORE_url = {https://doi.org/10.1162/neco.1997.9.8.1735},
	doi = {10.1162/neco.1997.9.8.1735},
	journal = {Neural Comput.},
	month = {nov},
	pages = {1735–1780},
	numpages = {46}
}

@inproceedings{MKGGB2018,
  author    = {Stanislav Malyshev and Markus Kr{\"{o}}tzsch and Larry Gonz{\'{a}}lez and Julius Gonsior and Adrian Bielefeldt},
  title     = {{Getting the Most out of Wikidata: Semantic Technology Usage in Wikipedia’s Knowledge Graph}},
  IGNORE_url       = {https://iccl.inf.tu-dresden.de/w/images/5/5a/Malyshev-et-al-Wikidata-SPARQL-ISWC-2018.pdf},
  booktitle = {Proceedings of the 17th International Semantic Web Conference (ISWC'18)},
  year      = {2018},
}


@InProceedings{SearchPastPWA2013,
	author = {Daniel Gomes and David Cruz and Jo{\~a}o Miranda and Miguel Costa and Sim{\~a}o Fontes},
	title = {{Search the Past with the Portuguese Web Archive}},
	doi = {10.1145/2487788.2487934},
	booktitle = {22nd International World Wide Web Conference},
	year = {2013},
	month = {May},
	day = {13--17}
}


@incollection{pan2009resource,
  title={Resource Description Framework},
  author={Pan, Jeff Z},
  booktitle={Handbook on Ontologies},
  pages={71--90},
  year={2009},
  publisher={Springer}
}


@misc{schreiber2014primer,
  added-at = {2018-10-01T17:33:57.000+0200},
  author = {Schreiber, Guus and Raimond, Yves},
  howpublished = {Online},
  interhash = {815eec90d0822d9dba037efa7cdd2028},
  intrahash = {a9d8cd4145335c567f2458f4d027a9ed},
  keywords = {rdf},
  timestamp = {2018-10-01T17:33:57.000+0200},
  title = {{RDF 1.1 Primer W3C Working Group Note}},
  IGNORE_url = {https://www.w3.org/TR/rdf11-primer/},
  year = 2014
}


@techreport{2013sparql,
  added-at = {2014-01-01T17:11:54.000+0100},
  biburl = {https://www.bibsonomy.org/bibtex/2596d86dd94ca36ee283d9c4fdc543622/jullybobble},
  author = {Prud'hommeaux, Eric and Harris, Steve and Seaborne, Andy},
  editor = {Prud'hommeaux, Eric and Harris, Steve and Seaborne, Andy},
  institution = {W3C},
  keywords = {intro phd sparql},
  timestamp = {2014-07-27T15:43:19.000+0200},
  title = {{SPARQL 1.1 Query Language}},
  IGNORE_url = {http://www.w3.org/TR/sparql11-query},
  year = 2013
}


@inproceedings{santos-rocha-2001-evaluating,
    title = {{Evaluating {CETEMP}{\'u}blico, a Free Resource for {P}ortuguese}},
    author = "Santos, Diana  and Rocha, Paulo",
    booktitle = "Proceedings of the 39th Annual Meeting of the Association for Computational Linguistics",
    month = jul,
    year = "2001",
    IGNORE_url = "https://www.aclweb.org/anthology/P01-1058",
}


@inproceedings{DBLP:conf/clef/SantosR04,
  author    = {Diana Santos and Paulo Rocha},
  title     = {{CHAVE: Topics and Questions on the Portuguese Participation in CLEF}},
  booktitle = {Working Notes for {CLEF} 2004 Workshop co-located with the 8th European
               Conference on Digital Libraries {(ECDL} 2004)},
  series    = {{CEUR} Workshop Proceedings},
  year      = {2004},
  IGNORE_url= {http://ceur-ws.org/Vol-1170/CLEF2004wn-other-Santos2004.pdf},
}


@article{DBLP:journals/ipm/SaltonB88,
  author    = {Gerard Salton and Chris Buckley},
  title     = {{Term-Weighting Approaches in Automatic Text Retrieval}},
  journal   = {Inf. Process. Manag.},
  volume    = {24},
  number    = {5},
  pages     = {513--523},
  year      = {1988},
  doi       = {10.1016/0306-4573(88)90021-0},
  timestamp = {Fri, 21 Feb 2020 13:11:16 +0100},
}


@book{10.5555/2904394,
  author = {Gormley, Clinton and Tong, Zachary},
  title = {{Elasticsearch: The Definitive Guide}},
  year = {2015},
  isbn = {1449358543},
  publisher = {O'Reilly Media, Inc.},
  edition = {1st},
}


@misc{spacy,
  author = {Honnibal, Matthew and Montani, Ines and Van Landeghem, Sofie and Boyd, Adriane},
  title = {{spaCy: Industrial-strength Natural Language Processing in Python}},
  year = 2020,
  publisher = {Zenodo},
  doi = {10.5281/zenodo.1212303},
}


@article{cortes1995support,
  IGNORE_url = {https://link.springer.com/article/10.1007/BF00994018},
  title={Support-vector networks},
  author={Cortes, Corinna and Vapnik, Vladimir},
  journal={Machine learning},
  volume={20},
  number={3},
  pages={273--297},
  year={1995}
}


@inproceedings{nivre-etal-2020-universal,
    title = "{U}niversal {D}ependencies v2: An Evergrowing Multilingual Treebank Collection",
    author = "Nivre, Joakim  and
      de Marneffe, Marie-Catherine  and
      Ginter, Filip  and
      Haji{\v{c}}, Jan  and
      Manning, Christopher D.  and
      Pyysalo, Sampo  and
      Schuster, Sebastian  and
      Tyers, Francis  and
      Zeman, Daniel",
    booktitle = "Proceedings of the 12th Language Resources and Evaluation Conference",
    month = may,
    year = "2020",
    IGNORE_address = "Marseille, France",
    IGNORE_url = "https://www.aclweb.org/anthology/2020.lrec-1.497",
    pages = "4034--4043",
    ISBN = "979-10-95546-34-4",
}


@article{jaro1989,
	author = { Matthew A. Jaro },
	title = {Advances in Record-Linkage Methodology as Applied to Matching the 1985 Census of Tampa, Florida},
	journal = {Journal of the American Statistical Association},
	volume = {84},
	number = {406},
	pages = {414-420},
	year  = {1989},
	doi = {10.1080/01621459.1989.10478785}
}

@article{jena2015free,
  title={A free and open source Java framework for building Semantic Web and Linked Data applications},
  author={Jena, Apache},
  journal={Available online: jena.apache.org/(accessed on 20 November 2022)},
  year={2015}
}

@inproceedings{thomas-etal-2006-get,
    title = "Get out the vote: Determining support or opposition from Congressional floor-debate transcripts",
    author = "Thomas, Matt  and
      Pang, Bo  and
      Lee, Lillian",
    booktitle = "Proceedings of the 2006 Conference on Empirical Methods in Natural Language Processing",
    month = jul,
    year = "2006",
    IGNORE_address = "Sydney, Australia",
    IGNORE_url = "https://aclanthology.org/W06-1639",
    pages = "327--335",
}


@inproceedings{park-etal-2021-blames,
    title = "Who Blames or Endorses Whom? Entity-to-Entity Directed Sentiment Extraction in News Text",
    author = "Park, Kunwoo  and
      Pan, Zhufeng  and
      Joo, Jungseock",
    booktitle = "Findings of the Association for Computational Linguistics: ACL-IJCNLP 2021",
    month = aug,
    year = "2021",
    IGNORE_address = "Online",
    IGNORE_url = "https://aclanthology.org/2021.findings-acl.358",
    doi = "10.18653/v1/2021.findings-acl.358",
    pages = "4091--4102",
}


@inproceedings{liang2019blames,
  title={Who blames whom in a crisis? detecting blame ties from news articles using neural networks},
  author={Liang, Shuailong and Nicol, Olivia and Zhang, Yue},
  booktitle={Proceedings of the AAAI Conference on Artificial Intelligence},
  volume={33},
  number={01},
  pages={655--662},
  year={2019}
}


@inproceedings{balahur2009opinion,
  title = {{Opinion Mining on Newspaper Quotations}},
  author={Balahur, Alexandra and Steinberger, Ralf and Goot, Erik van der and Pouliquen, Bruno and Kabadjov, Mijail},
  booktitle={Proceedings of the 2009 IEEE/WIC/ACM International Joint Conference on Web Intelligence and Intelligent Agent Technology-Volume 03},
  pages={523--526},
  year={2009}
}

@inproceedings{balahur-etal-2010-sentiment,
    title = {{Sentiment Analysis in the News}},
    author = "Balahur, Alexandra  and
      Steinberger, Ralf  and
      Kabadjov, Mijail  and
      Zavarella, Vanni  and
      van der Goot, Erik  and
      Halkia, Matina  and
      Pouliquen, Bruno  and
      Belyaeva, Jenya",
    booktitle = "Proceedings of the Seventh International Conference on Language Resources and Evaluation ({LREC}'10)",
    month = may,
    year = "2010",
	pages={655--662},
    IGNORE_address = "Valletta, Malta",
    IGNORE_url = "http://www.lrec-conf.org/proceedings/lrec2010/pdf/909_Paper.pdf",
}


@article{10.1145/3185045,
	author = {Zimbra, David and Abbasi, Ahmed and Zeng, Daniel and Chen, Hsinchun},
	title = {The State-of-the-Art in Twitter Sentiment Analysis: A Review and Benchmark Evaluation},
	year = {2018},
	issue_date = {June 2018},
	IGNORE_address = {New York, NY, USA},
	volume = {9},
	number = {2},
	issn = {2158-656X},
	IGNORE_url = {https://doi.org/10.1145/3185045},
	doi = {10.1145/3185045},
	journal = {ACM Trans. Manage. Inf. Syst.},
	month = {aug},
	articleno = {5},
	numpages = {29},
}

@inproceedings{pontiki-etal-2016-semeval,
    title = "{S}em{E}val-2016 Task 5: Aspect Based Sentiment Analysis",
    author = {Pontiki, Maria  and
      Galanis, Dimitris  and
      Papageorgiou, Haris  and
      Androutsopoulos, Ion  and
      Manandhar, Suresh  and
      AL-Smadi, Mohammad  and
      Al-Ayyoub, Mahmoud  and
      Zhao, Yanyan  and
      Qin, Bing  and
      De Clercq, Orph{\'e}e  and
      Hoste, V{\'e}ronique  and
      Apidianaki, Marianna  and
      Tannier, Xavier  and
      Loukachevitch, Natalia  and
      Kotelnikov, Evgeniy  and
      Bel, Nuria  and
      Jim{\'e}nez-Zafra, Salud Mar{\'\i}a  and
      Eryi{\u{g}}it, G{\"u}l{\c{s}}en},
    booktitle = "Proceedings of the 10th International Workshop on Semantic Evaluation ({S}em{E}val-2016)",
    month = jun,
    year = "2016",
    IGNORE_address = "San Diego, California",
    IGNORE_url = "https://aclanthology.org/S16-1002",
    doi = "10.18653/v1/S16-1002",
    pages = "19--30",
}




@inproceedings{oconnor-etal-2013-learning,
    title = {{Learning to Extract International Relations from Political Context}},
    author = "O{'}Connor, Brendan  and Stewart, Brandon M.  and Smith, Noah A.",
    booktitle = "Proceedings of the 51st Annual Meeting of the ACL (Volume 1: Long Papers)",
    month = aug,
    year = "2013",
    IGNORE_address = "Sofia, Bulgaria",
    IGNORE_url = "https://aclanthology.org/P13-1108",
    pages = "1094--1104",
}




@inproceedings{han-etal-2019-permanent,
    title = "No Permanent {F}riends or Enemies: Tracking Relationships between Nations from News",
    author = "Han, Xiaochuang  and Choi, Eunsol  and Tan, Chenhao",
    booktitle = "Proceedings of the 2019 Conference of the North {A}merican Chapter of the ACL: Human Language Technologies, Volume 1 (Long and Short Papers)",
    month = jun,
    year = "2019",
    IGNORE_url = "https://aclanthology.org/N19-1167",
    doi = "10.18653/v1/N19-1167",
    pages = "1660--1676",
}







